@misc{QTR,
    author = "",
    publisher = "Pololu",
    title = "Arduino library for the Pololu QTR reflectance sensors",
    month = "August",
    year = "2016",
    url = "https://github.com/pololu/qtr-sensors-arduino",
    }